2700 4659
756 229 1134 304 LIBER
1183 230 1269 301 X.

147 474 496 531 emtores
515 513 540 549 ,
592 472 727 530 aut
766 463 870 530 ad
906 467 1262 531 exercitus

148 591 286 674 las?
386 594 977 657 Numerarentur
1022 591 1242 659 duces

1351 226 1546 302 Ου’.
1597 231 1754 303 VII.
2186 179 2199 186 ἱ
2243 229 2343 325 57

1306 474 1554 532 euntes
1570 512 1596 551 ,
1648 473 1782 531 aut
1797 468 1986 532 inter
2019 468 2176 552 ipsa
2201 466 2346 533 bel-

1287 612 1540 659 eorum
1592 611 1954 658 annorum
1978 638 2003 675 ,
2084 591 2345 676 quibus
2373 611 2419 682 7

144 709 619 803 plebejorum
678 712 905 781 ductu
956 725 1027 782 et
1072 718 1394 803 auspicio
1443 719 1751 806 res‘geri
1801 687 2089 802 coeptae
2129 724 2343 786 sunt.-

143 847 733 909 numerarentur
787 841 1151 926 triumphi.
1240 843 1411 927 jam
1458 862 1544 910 ne
1598 817 1997 911 nobilitatis
2052 841 2343 928 quidem

135 970 336 1032 'suae
374 965 699 1050 plebe-jos
737 969 1107 1051 poenitere.
1186 990 1314 1056 pro
1352 978 1542 1037 certo
1581 969 1866 1053 habere,
1919 970 1982 1034 si
2019 964 2214 1053 quod
2238 986 2342 1029 re·
2370 955 2422 1032 8

151 1110 326 1177 pens
368 1091 656 1159 bellum
696 1095 1021 1179 oriatur,
1074 1115 1215 1163 non
1252 1099 1417 1182 plus
1451 1097 1597 1182 spei
1619 1094 1783 1175 fore
1816 1096 2101 1160 senatui
2123 1110 2345 1177 popu—

155 1218 372 1304 loque
413 1220 757 1287 Romano
799 1220 870 1287 in
910 1223 1265 1307 patricii-5,

1317 1242 1542 1309 quam
1578 1221 1648 1286 ἰη
1686 1218 1973 1305 plebejis
2011 1216 2338 1284 ducibus,

158 1342 387 1435 Quod
437 1366 670 1431 quum
711 1347 815 1412 ita
858 1365 933 1412 se
976 1344 1288 1431 habeat,
1356 1348 1473 1413 cui
1516 1348 1841 1411 Deorum
1883 1343 2342 1413 hominumve
2370 1359 2416 1431 9

145 1538 482 1612 seruntur.
553 1540 635 1595 At
667 1538 899 1596 Santra
936 1538 1098 1597 libro
1133 1559 1224 1596 se-

160 1607 360 1664 cundo
383 1607 469 1662 de
495 1609 818 1663 verborum
841 1611 1225 1683 antiquitate

164 1678 317 1731 satis
337 1677 574 1732 multis
586 1685 945 1749 nuncupata
960 1678 1229 1763 conligit
1265 1695 1270 1700 ’

161 1763 279 1799 non
321 1742 585 1801 derecto
623 1747 945 1800 nominata
979 1748 1227 1820 signzfi-

166 1823 327 1878 ear-e,
361 1811 482 1867 sed
498 1815 825 1886 promissa,
861 1821 923 1868 et
941 1816 1124 1889 quasi
1141 1826 1227 1873 te·

165 1881 489 1946 stificata‚
531 1882 999 1954 circumscripta
1017 1919 1034 1950 ,
1064 1903 1227 1941 rece·

163 1954 392 2022 ptaque
409 1972 429 2003 .-
491 1950 659 2021 quod
710 1952 905 2005 etiam
949 1953 1017 2006 in
1069 1956 1225 2010 votis

166 2016 610 2090 nuncupandis
678 2037 805 2073 esse
870 2024 1225 2077 convenien-

170 2085 310 2138 tius·
327 2088 484 2139 Tum
499 2086 784 2141 consules
803 2086 973 2159 plebi
990 2091 1148 2143 Voss'.
1170 2108 1223 2144 α.

170 2153 452 2209 consules
476 2153 688 2225 plebei
705 2154 966 2209 Florent.
989 2157 1153 2212 Leid.
1173 2179 1222 2215 ι.

171 2220 408 2293 Portug.
472 2223 787 2277 Gaertner.
849 2225 1101 2280 Haverk.
1167 2234 1225 2279 et

171 2289 398 2361 Fragm.
416 2293 573 2345 Hav.
612 2293 751 2345 Mox
775 2300 889 2347 aut
911 2297 1224 2350 exercitus

169 2365 409 2423 euntes,
511 2378 582 2413 ro
621 2367 735 2415 aut
770 2359 855 2414 ad
889 2365 1221 2431 exereitus,

175 2424 366 2480 Lovel.
380 2432 436 2495 4.
459 2432 464 2437 “
521 2428 691 2481 einde
710 2429 880 2485 intra
901 2431 1037 2503 ipsa
1054 2430 1224 2487 bella

174 2509 279 2562 pro
297 2496 487 2562 inter,
523 2500 763 2566 Portug.
785 2499 1096 2553 Gaertner.
1113 2502 1221 2552 Ha-

176 2563 332 2682 gerk.
353 2575 413 2619 et
431 2570 668 2641 Fragm.
684 2569 831 2621 Hav.
867 2570 945 2622 V.
960 2585 1137 2639 supra
1150 2566 1225 2620 ad

211 2669 224 2696 ν
242 2650 323 2700 ²7²
347 2652 401 2688 ²·

238 2765 286 2834 ᾗ.
303 2787 358 2838 7.
399 2773 901 2827 Numerare-ntur
922 2767 1107 2825 duces
1126 2786 1223 2824 eo-

179 2852 307 2892 rum
352 2857 667 2895 annorum
695 2845 715 2899 J
807 2841 1224 2894 Numerarent

179 2902 437 2961 Rloek.et
456 2906 556 2962 ed.
570 2908 737 2964 Rom.
752 2907 887 2970 anni
907 2904 1222 2978 1472.quod

183 2974 361 3026 errori
387 2976 713 3030 scribarum
741 2988 799 3030 et
827 2975 1219 3046 typographo-

180 3054 300 3093 rum
328 3042 626 3098 adscribo.
681 3048 757 3099 V.
791 3045 944 3098 infra
972 3047 1082 3099 hoc
1110 3043 1217 3096 lib.

180 3124 229 3160 c.
251 3128 327 3176 ιο,
355 3131 402 3165 ι.
433 3113 726 3186 Sequitur
755 3113 909 3166 enim
939 3132 1071 3168 mox
1096 3114 1221 3167 Nu·

188 3192 570 3237 merarentur
599 3181 901 3253 triumphi
914 3202 937 3251 ‚·
963 3181 1065 3235 uhi
1097 3178 1220 3253 qui-

187 3241 306 3302 dem
337 3250 546 3304 klock.
605 3254 1021 3307 Numerarent
1052 3265 1221 3321 prae·

185 3310 318 3374 fert:
358 3318 462 3371 sed
491 3320 568 3374 ita
600 3318 767 3372 simul
796 3319 1105 3391 legendum
1134 3317 1219 3370 fo-

187 3390 270 3433 ret
349 3389 768 3444 Numerarent
847 3386 1218 3455 triumpth

191 3450 335 3519 quod
375 3453 435 3510 in
472 3457 635 3509 nullo
675 3456 895 3529 scripto
929 3466 1216 3529 superest.

192 3520 449 3576 Ceterum
479 3526 620 3582 haee
655 3526 838 3579 verba
858 3543 988 3578 cum
1008 3541 1220 3579 novem

163 3643 166 3646 .
194 3593 553 3656 sequentihus
572 3594 827 3647 exsulant
852 3612 883 3648 a
907 3595 1218 3648 Gaertner.

191 3657 344 3727 eulpa
376 3661 627 3727 librarii,
666 3663 759 3717 eui
795 3662 1075 3735 repetitio
1109 3667 1221 3714 τοῦ

195 3723 667 3786 Numer-arentur
728 3731 965 3785 errandi
1023 3748 1219 3785 ansam

195 3788 355 3850 dedit.
390 3802 466 3854 V.
488 3798 625 3867 adq,
647 3819 727 3867 n,
756 3822 840 3857 11.

222 3976 233 3990 ,
256 3913 368 3972 Res
386 3920 525 3990 geri
540 3926 794 3988 coeptae
810 3924 978 3979 sunt]
1009 3917 1099 3971 An
1110 3934 1216 3988 po-

197 3985 297 4034 tius
319 3988 481 4047 sint?
513 3996 579 4040 ut
596 3986 795 4058 paullo
819 3996 951 4040 ante
970 4004 1218 4058 recupe-

199 4055 470 4128 rayerint.
486 4056 760 4111 DURER.
800 4063 1055 4112 coactae
1073 4062 1220 4109 sunt

203 4112 344 4178 laud.
364 4144 412 4182 ι.
444 4125 709 4183 Maxalio
731 4122 937 4181 ordine
957 4143 1033 4181 ne
1044 4124 1216 4181 nobi·

1295 1538 1505 1596 litatis
1564 1536 1773 1594 uidem
1790 1555 1945 1594 suae
1964 1537 2128 1593 Leid.
2150 1555 2202 1593 2.
2233 1539 2340 1594 Lo-

1292 1609 1410 1664 vel.
1436 1628 1485 1663 1.
1561 1617 1673 1661 ort.
1689 1616 1747 1659 et
1759 1607 2013 1661 Haverk.

1362 1699 1412 1769 §.
1434 1702 1490 1756 8.
1526 1697 1780 1772 siquod
1796 1719 2011 1772 repens
2024 1699 2261 1756 bellum
2282 1721 2341 1757 o-

1293 1770 1545 1831 riatur]
1599 1773 1656 1825 si
1683 1766 1834 1841 quid
1862 1787 2075 1843 repens
2107 1768 2340 1825 bellum

1293 1837 1497 1891 Lovel.
1519 1838 1572 1893 2]
1610 1840 1693 1893 V.
1713 1833 1785 1888 ad
1808 1837 1895 1903 38,
1930 1855 2008 1902 ιο,
2046 1857 2094 1890 ι.
2125 1839 2182 1891 si
2212 1840 2342 1921 qui-

1297 1905 1437 1962 dem
1479 1921 1706 1979 repens*
1729 1903 1962 1961 bellum
1995 1907 2236 1961 Hearnii
2268 1908 2339 1960 O·

1294 1992 1431 2029 xon.
1456 1974 1521 2028 L.
1542 1994 1588 2028 ι.
1611 1976 1668 2028 si
1685 1971 1850 2042 quod
1873 1989 2082 2029 recens
2108 1971 2342 2031 bellum

1294 2047 1468 2098 Voss·
1490 2059 1543 2096 2.
1580 2041 1756 2095 Male.
1791 2044 1870 2094 V.
1890 2041 2127 2107 ad8‚29‚
2152 2061 2197 2095 ι.
2227 2046 2363 2095 De..

1296 2109 1431 2163 inde
1452 2111 1522 2164 in
1583 2109 1777 2164 lebeis
1796 2107 2193 2179 ducibus‚pro
2212 2110 2341 2183 ple-

1294 2177 1471 2251 bejis,
1491 2180 1536 2230 F
1563 2187 1753 2246 orent.
1777 2176 1937 2231 Leid.
1958 2197 2004 2232 1.
2027 2186 2085 2230 et
2096 2178 2339 2232 Gaertn.

1296 2248 1522 2323 [quam
1540 2243 1804 2320 plebejis
1821 2245 2021 2302 Veith.
2043 2253 2063 2307 J

1361 2337 1412 2407 §.
1436 2356 1491 2408 9.
1527 2340 1636 2393 Eis
1666 2339 1847 2405 viris,
1900 2355 2049 2408 quos
2085 2357 2188 2395 vos
2223 2350 2336 2393 etc.

1295 2406 1645 2482 auguralia
1695 2406 1975 2481 insignia
2027 2406 2337 2479 adjicere}

1291 2478 1359 2529 ln
1396 2477 1586 2548 prima
1621 2477 1732 2527 hoe
1779 2474 2018 2545 reperio
2055 2475 2337 2531 Mediola-

1292 2544 1480 2610 nensi,
1518 2553 1579 2596 et
1607 2552 1803 2597 secuta
1833 2544 1908 2596 est
1942 2545 2170 2599 Veneta
2201 2543 2339 2597 anni

1297 2614 1448 2679 1408.
1489 2611 1753 2665 Andreas
1773 2629 1875 2666 eos
1895 2612 2074 2677 virm,
2097 2623 2210 2666 etc.
2235 2614 2339 2668 ,in-

1288 2682 1502 2754 signia
1551 2681 1866 2762 attingere
1909 2678 2206 2767 indignos
2247 2679 2340 2737 di-

1290 2767 1448 2805 cere.
1523 2751 1830 2803 Tarvlsma
1867 2765 1969 2804 eos
2006 2769 2189 2816 viros,
2227 2759 2342 2808 etc·
2405 2809 2420 2819 ,

1287 2819 1584 2892 insignia,
1611 2821 1958 2890 attingere,
2058 2821 2125 2875 ui
2156 2819 2340 2874 Iovis.

1292 2886 1513 2959 Seripti
1558 2886 1783 2941 Thuan.
1819 2885 1980 2938 Flor.
2056 2905 2135 2940 uo
2165 2890 2340 2940 Voss.

1292 2951 1482 3010 Helm‘.
1514 2954 1673 3008 Rott.
1702 2973 1802 3010 eos
1832 2955 2025 3011 viros,-
2062 2972 2175 3026 pro
2211 2971 2339 3007 ver·

1288 3024 1371 3077 bo
1403 3022 1670 3080 autemin
1688 3023 1802 3075 fine
1817 3019 1985 3089 hujus
2003 3021 2236 3096 periodi
2250 3021 2342 3080 di-
2380 3083 2399 3092 ,

1291 3111 1448 3161 cere,
1481 3090 1576 3145 vel
1606 3089 1851 3154 ducere,
1887 3103 2047 3146 recte
2079 3090 2337 3148 substitu-

1290 3171 1416 3215 tum
1463 3154 1739 3228 adjicere
1793 3157 1906 3224 iam
1953 3157 2013 3214 in
2059 3157 2337 3215 Mediola-

1291 3230 1482 3286 nensi.
1510 3228 1672 3282 Flor.
1694 3224 1960 3294 adicere,
1991 3237 2057 3282 ut
2085 3228 2339 3301 plerunz-

1376 3319 1407 3354 e
1436 3314 1550 3372 pro
1580 3295 1692 3349 hoe
1726 3295 1913 3349 verbo
1950 3297 2173 3370 scripti.
2224 3295 2341 3351 Sed

1291 3316 1540 3423 Rerum
1560 3364 1896 3419 mutandum
1913 3384 2032 3420 non
2051 3376 2199 3420 erat.
2222 3367 2341 3420 Eos

1291 3440 1453 3495 viros
1481 3433 1880 3509 pontificalia
1915 3444 2102 3507 atque
2140 3453 2220 3488 au
2277 3452 2340 3486 u-

1289 3507 1459 3563 ralia
1480 3504 1759 3576 insignia
1779 3499 2052 3572 adiicere
2077 3451 2336 3555 dixitgm-

1287 3577 1438 3642 vitm,
1453 3574 1565 3631 sibi
1583 3584 1744 3641 puta,
1774 3574 1869 3626 vel
1885 3571 2003 3624 suis
2022 3568 2148 3624 aliis
2167 3586 2347 3623 orna·-

1289 3645 1520 3699 mentis.
1542 3641 1764 3697 Plinius
1780 3656 1864 3696 ιο.
1889 3639 2050 3710 epist.
2063 3638 2117 3691 8.
2131 3638 2335 3711 Rogo,

1288 3713 1631 3784 dignitati,
1667 3706 1752 3765 ad
1783 3727 1968 3780 quam
2001 3725 2099 3762 me
2127 3724 2335 3780 prove·

1286 3784 1389 3838 xit
1415 3777 1820 3849 indulgentia
1841 3785 1976 3840 tua,
2008 3774 2105 3831 vel
2134 3793 2336 3848 augu-

1286 3859 1499 3906 ratum
1524 3850 1618 3907 vel
1633 3845 2164 3916 septemviraturn,
2185 3843 2345 3916 quia·

1288 3926 1545 3980 vacant,
1583 3912 1857 3988 adjicere
1893 3910 2193 3984 digner-1³5.
2257 3912 2336 3966 Ut

1284 3988 1410 4057 post
1442 3985 1640 4056 paullo
1674 3991 1694 4043 [
1714 4003 1766 4037 e.
1789 3981 1842 4047 8,
1878 3982 1967 4041 3.]
2026 3980 2337 4038 Tribunus

1282 4054 1489 4129 plebis
1515 4056 1783 4128 quinque
1818 4066 2134 4124 augurum
2169 4048 2335 4111 loca,

1284 4132 1558 4195 quatuor
1632 4118 2001 4198 pontificum
2072 4116 2334 4194 adjecit,
2394 4167 2405 4178 κ
