2700 4659
776 283 1298 390 meaux,
1373 249 1744 389 clavi.

2236 283 2335 361 53

157 521 486 592 tantum,
537 525 634 574 ne
673 526 836 599 qua-
861 500 940 572 in
987 497 1518 599 rempublicam
1558 499 1808 573 clades
1847 501 2117 575 veniat.
2194 501 2332 575 Mi·
2369 520 2451 566 ιι

155 654 293 701 nus
352 645 602 701 autem
643 624 1025 698 tetendere
1052 674 1073 711 ,
1148 622 1439 697 adsueti
1492 627 1643 723 jam
1687 623 1818 700 tali
1860 649 2127 723 genere
2169 625 2334 698 cer-

157 750 517 823 taminum
557 748 770 822 vinci.
848 766 925 821 et
970 747 1423 837 cernebant,
1476 748 1951 821 ,adversarios
2009 774 2164 821 non
2230 749 2332 840 id,

141 872 375 973 quod
410 873 588 945 olim
625 873 759 978 vix*
781 872 1237 973 speraverint
1263 924 1288 962 ‚
1367 870 1823 946 adfectantes
1853 897 2163 970 magnos
2197 874 2334 945 ho-

157 1023 413 1086 noreS,
466 998 598 1071 sed
634 997 881 1070 omnia
913 1000 1106 1098 jam,
1151 996 1228 1068 in
1267 1022 1587 1096 quorum
1614 1024 1816 1097 spem
1848 997 2144 1071 dubiam
2177 1016 2336 1069 erat
2402 1075 2410 1089 ¹

163 1139 575 1213 certatum,
644 1141 893 1195 tamen
950 1120 1317 1221 adeptos,
1387 1120 1834 1226 multiplices
1877 1121 2330 1210 consulatue,

26 1242 27 1247 ἵ
61 1289 72 1292 ⁷
120 1264 130 1272 ”
161 1247 665 1348 censurasque
697 1264 778 1320 et
819 1247 1257 1348 triumphos).

167 1515 184 1530 ⁸
226 1444 306 1502 Id
334 1465 402 1501 se
432 1466 467 1502 o
514 1454 649 1532 tare
679 1450 949 1512 tantum,
986 1466 1063 1503 ne
1092 1464 1214 1533 qua
1287 1455 1505 1503 verant
1521 1449 1764 1500 Vossa.
1796 1446 1998 1500 Lovel.
2021 1464 2067 1499 ι.
2091 1435 2332 1500 'Gnaei-tn.

155 1535 227 1570 ιη
244 1533 466 1595 rempu
514 1514 704 1571 licam
733 1511 944 1568 clades
974 1522 1213 1576 ventat]
1284 1518 1528 1587 Portug.
1552 1515 1805 1569 Haverk.
1839 1524 1898 1566 et
1924 1519 2156 1589 Fragm.
2185 1517 2332 1567 Hav.

157 1586 330 1637 Duae
351 1600 584 1654 priores
602 1598 776 1635 voces
806 1599 838 1634 a
860 1599 936 1634 m.
968 1601 1013 1637 ι.
1056 1602 1215 1639 exsu-

156 1652 287 1704 lant
316 1669 351 1703 a
381 1653 650 1717 Lovel.4.
708 1652 856 1703 Tum
886 1660 1103 1721 optare
1134 1658 1216 1718 tri,

155 1718 290 1774 sive
317 1726 549 1786 tamen,
573 1717 837 1793 praefert
851 1719 1052 1775 Lovel.
1069 1741 1121 1777 α.
1138 1724 1217 1777 V.

155 1787 239 1842 ad
254 1807 310 1852 o,
334 1806 416 1854 η,
434 1792 489 1844 6.
529 1785 754 1844 Deinde
788 1806 863 1842 ne
889 1807 1010 1863 qua
1035 1791 1101 1845 in
1129 1808 1221 1844 re-

205 1856 427 1912 ublica
465 1856 677 1913 clades
714 1857 921 1911 veniat
956 1861 1128 1913 Voss.
1163 1876 1216 1912 2.

211 1923 332 1978 eid.
377 1943 423 1978 ι.
479 1925 680 1980 Lovel.
713 1942 765 1977 a.
791 1926 846 1980 3.
897 1936 955 1978 et
983 1930 1214 1998 Fragm.

161 1997 315 2047 Hav.
350 2014 427 2048 ne
445 2013 566 2067 qua
584 1992 838 2067 publica
859 1993 1071 2051 clades
1090 2014 1219 2051 eve-

158 2065 307 2119 niat
322 2062 595 2131 Lovel.4.

195 2156 249 2225 §.
283 2175 368 2209 ιι.
407 2158 635 2212 Minus
655 2147 1223 2224 autem‘tetendere,

166 2225 423 2280 adsueti
443 2222 585 2298 jam
624 2225 745 2279 tali
770 2243 998 2297 genere
1027 2233 1224 2280 certa-

161 2296 408 2349 minum
430 2294 590 2348 vinci
609 2298 628 2352 J
667 2295 889 2350 Minus
903 2293 1120 2348 autem'
1137 2302 1222 2350 te-

164 2360 494 2418 tenderent
511 2362 752 2415 Gaertn.
771 2363 994 2418 Minus
1008 2369 1221 2417 autem

163 2428 423 2486 tendere
451 2429 651 2482 Lovel.
671 2449 722 2484 2.
745 2440 803 2482 et
820 2433 1048 2501 Fragm.
1067 2432 1215 2484 Hav.

147 2517 200 2552 -ει
231 2517 310 2550 m.
359 2521 407 2554 1.
439 2498 702 2570 neglecta
724 2498 992 2570 priorum
1025 2498 1217 2552 litera-

163 2585 295 2624 rum
312 2565 724 2638 geminatione.
763 2570 839 2621 V.
862 2566 936 2619 ad
951 2569 1039 2633 37,
1062 2569 1217 2632 53‚7.

163 2636 418 2706 Insuper
447 2637 671 2691 Minus
693 2644 808 2690 aut
830 2631 1080 2690 tendere
1110 2637 1218 2690 Lo·

163 2704 281 2757 vel.
304 2712 361 2769 4.
417 2705 494 2757 V.
528 2700 602 2757 ad
623 2705 676 2768 4,
702 2708 791 2769 42,
817 2705 871 2757 6.
911 2703 1137 2758 Deinde
1157 2706 1222 2759 in

163 2772 290 2828 tali
331 2789 562 2844 genere
614 2772 1025 2827 certaminum
1062 2774 1224 2828 vinci

166 2842 417 2895 Gaertn.
467 2840 555 2893 Ita
581 2836 737 2893 infra
766 2840 852 2906 25,
874 2841 993 2908 5,4.
1032 2842 1222 2898 Senes

161 2908 625 2981 honoratosque
637 2906 981 2980 juvenis‘in
1004 2929 1075 2965 eo
1094 2928 1221 2966 cer-

160 2978 404 3035 tamine
426 2973 676 3032 devicit.
701 2977 892 3042 37‚53‚
912 2996 966 3041 7.
1001 2978 1075 3033 In
1095 2998 1220 3034 cer-

26 3050 29 3051 ’
122 3047 405 3105 .tamine
460 3051 673 3099 autem
738 3045 1062 3101 amicitiae
1127 3065 1220 3100 ve-

157 3123 337 3171 strae
356 3113 612 3168 minime
626 3131 822 3186 aequo
837 3115 1046 3169 animo
1061 3116 1222 3169 vinci

158 3200 437 3256 possum.
489 3177 564 3231 At
594 3180 805 3253 reliqui
873 3200 971 3236 rae
1019 3182 1216 3236 ositio-

162 3268 303 3304 nem
324 3249 517 3302 illami
564 3258 793 3303 norant.
869 3261 927 3303 ta
948 3253 983 3307 3
1018 3255 1139 3321 ‚47‚
1159 3253 1216 3306 5.

162 3324 295 3375 Nec
330 3318 489 3372 satis
563 3317 767 3384 abere,
807 3318 972 3375 bello
1004 3321 1220 3375 vicisse

159 3385 610 3442 Hannibalem.
648 3387 749 3454 37,
799 3389 885 3455 54,
939 3405 1025 3443 ao.
1083 3389 1223 3445 Nisi

162 3452 335 3528 quod
353 3454 608 3528 longius
639 3473 677 3516 a
708 3455 877 3512 vobis
902 3457 1220 3522 absumus,

158 3522 351 3579 nialla
383 3523 689 3578 vincimur
717 3523 851 3580 alia
877 3543 965 3579 re.
1006 3524 1217 3579 Simili-

157 3601 259 3671 ter
271 3590 516 3671 proelio
536 3591 717 3657 vinci,
756 3590 827 3646 de
848 3610 965 3666 quo
984 3612 1043 3648 v.
1061 3592 1136 3647 ad
1147 3595 1216 3647 E-

156 3670 270 3737 pit.
293 3660 423 3711 Liv.
445 3658 561 3713 128.
585 3697 590 3706 ,

231 3767 639 3826 Adversarius
651 3790 773 3827 non
786 3769 876 3841 id,
929 3771 1053 3830 uod
1066 3771 1219 3829 olim

160 3840 270 3894 vix
322 3839 745 3906 speraverint]
829 3861 868 3898 a
917 3842 1220 3897 versarios

158 3925 348 3971 nunc,
385 3904 552 3976 quod
571 3905 724 3966 olim
740 3910 943 3968 Lovel.
965 3914 1020 3979 4.
1072 3912 1221 3964 Tum

1288 1603 1421 1638 am.
1446 1603 1499 1641 2.

1353 1698 1485 1759 Sed
1519 1702 1727 1758 omnia
1758 1700 1924 1775 jam,
1974 1705 2040 1758 in
2075 1722 2338 1777 quorum

1288 1788 1456 1845 spem
1474 1768 1735 1825 dubiam
1756 1780 1893 1826 erat
1904 1780 2338 1835 certatum‚ta-

1288 1858 1431 1895 men
1450 1836 1740 1911 adeptos]
1780 1843 2003 1895 Vocem
2036 1842 2245 1896 omnia
2276 1857 2336 1891 o-

1288 1908 1523 1961 mittunt
1551 1906 1714 1963 Leid.
1741 1927 1792 1963 2.
1827 1919 1885 1961 et
1918 1908 2191 1974 Lovel.⁴1.
2238 1906 2338 1991 qui

1288 1995 1417 2030 eam
1433 1979 1631 2049 paullo
1663 1988 1795 2030 ante
1823 1975 2185 2030 inseruerant
2203 1979 2338 2031 alie-

1287 2064 1365 2100 no
1383 2046 1539 2098 loco.
1579 2047 1841 2115 Sequens
1859 2043 1999 2121 jam
2022 2063 2141 2097 non
2165 2043 2337 2118 adpa-

1293 2125 1387 2168 ret
1423 2114 1483 2166 in
1520 2114 1651 2168 edd.
1691 2117 1859 2167 Rom.
1900 2113 2036 2166 anni
2074 2117 2224 2181 147²·
2285 2122 2342 2165 et

1291 2184 1485 2235 Parm.
1524 2182 1752 2237 Deinde
1778 2184 2134 2256 iniquorum
2170 2201 2342 2255 spem

1294 2249 1582 2319 dubiam,
1681 2268 1949 2324 erperam
1995 2250 2343 2322 interposita

1289 2319 1489 2387 litera,
1520 2269 1674 2374 Leid³

1290 2396 1600 2446 certatum
1625 2397 1761 2446 erat
1807 2392 1980 2444 Voss.
2013 2408 2061 2441 1.
2098 2385 2260 2440 Leid.
2288 2406 2335 2442 2.

1287 2459 1490 2512 Lovel.
1515 2478 1561 2511 1.
1590 2460 1830 2530 Portug.
1871 2457 2115 2511 Gaertn.
2155 2467 2213 2510 et
2232 2458 2339 2508 Ila-

1288 2528 1456 2581 verk.
1506 2527 1653 2580 Hinc
1685 2532 1751 2582 ta
1780 2525 2037 2599 adeptos
2058 2524 2262 2578 Lovel.
2286 2542 2363 2585 a„

1292 2595 1410 2651 Sed
1447 2605 1656 2652 tamen
1693 2594 1886 2647 deficit
1924 2594 1984 2646 in
2021 2594 2241 2659 Harlej.
2284 2602 2343 2644 et

1291 2664 1635 2737 quibusdam
1660 2662 1792 2716 edd.
1823 2672 1962 2716 antt.
1994 2663 2061 2718 in
2079 2681 2341 2736 quorum

1273 2769 1460 2819 “spem
1497 2748 1791 2805 dubierat
1825 2756 2131 2805 certatum
2172 2740 2338 2802 tu—r'n

1291 2818 1550 2893 adeptos
1575 2818 1780 2873 fflock.

1673 2361 1685 2374 .
1708 2343 1754 2376 ι.
1808 2321 1955 2373 Tum
1984 2318 2099 2372 alio
2132 2318 2340 2372 ordine
2394 2341 2399 2345 ·

2428 771 2445 798 l

1358 2912 1761 2978 Multiplices
1786 2890 2173 2975 consulatus,
2206 2927 2339 2964 cen·
2432 2951 2439 2958 .

1287 3000 1590 3056 surasque
1610 2989 1671 3036 et
1705 2979 2087 3049 triumphos]
2127 2996 2341 3031 consu-

1289 3052 1465 3107 latus
1478 3046 1865 3120 multiplices
1881 3046 2045 3103 Leid.
2064 3064 2083 3096 ι
2098 3084 2112 3098 .
2130 3045 2345 3099 multi-

1286 3118 1484 3192 plices
1502 3116 1888 3184 consulatus,
1903 3132 2216 3179 censuras,
2233 3115 2341 3168 tri-

1289 3183 1772 3267 umphosLovel.
1795 3187 1848 3251 4.
1888 3186 2146 3265 Utraque
2162 3180 2340 3237 lectio

1287 3256 1435 3309 ferri
1471 3253 1673 3327 potest.
1730 3253 1906 3308 Certe
1939 3251 2168 3334 ellipses
2205 3269 2338 3304 con-

1259 3324 1652 3394 'junctionum
1703 3320 1761 3374 in
1799 3322 1965 3378 Livio
2003 3322 2340 3392 frequentes
2410 3341 2413 3342 ⁷

1290 3402 1444 3447 sunt.
1482 3396 1559 3447 V.
1578 3390 1650 3445 ad
1667 3391 1720 3457 3,
1739 3390 1826 3458 68,
1847 3398 1901 3461 4.
1943 3390 2011 3445 ld
2033 3389 2204 3443 etiam
2224 3387 2339 3441 fre-

1292 3479 1474 3535 quens
1494 3460 1604 3534 ipsi
1625 3460 1719 3525 est,
1755 3472 1820 3514 ut
1836 3463 2012 3516 trium
2031 3475 2241 3512 vocum
2255 3474 2339 3509 se-

1291 3530 1514 3585 cundae
1546 3528 1816 3601 copulam
1848 3548 1996 3602 que,
2045 3526 2255 3581 tertiae
2282 3530 2345 3579 et
2432 3573 2437 3582 ,

1289 3599 1481 3655 addat.
1522 3602 1600 3654 V.
1634 3597 1706 3651 ad
1725 3614 1775 3666 2,
1809 3601 1896 3666 31,
1927 3617 1974 3651 ι.
2026 3599 2216 3676 Quum
2238 3592 2341 3645 ita-

1288 3687 1402 3742 que
1428 3666 1640 3739 reliqui
1663 3683 1862 3721 omnes
1888 3665 2120 3721 codices
2144 3661 2339 3730 vulga-

1286 3749 1410 3791 tum
1429 3746 1722 3798 tueantur,
1764 3735 1900 3790 inde
1925 3730 2243 3788 recedendi
2262 3732 2339 3784 le-

1290 3805 1548 3880 gitimam
1569 3803 1812 3857 cauffam
1831 3821 1948 3858 non
1967 3803 2164 3858 video.

1361 3914 1407 3983 §.
1430 3935 1477 3969 ι.
1521 3917 1842 3972 Certatum
1858 3923 2066 3971 tamen
2079 3911 2340 3970 suaden-

160 3974 330 4057 quod
354 3975 507 4054 olim
539 3976 646 4031 vix
669 3982 881 4035 omnia
899 3997 1222 4048 superave-
1283 3984 1376 4056 ,da
1416 3982 1962 4056 dissuadendaque
2009 3983 2181 4056 lege]
2249 3990 2344 4039 ta-

157 4052 290 4098 rint
313 4041 478 4096 Leid.
504 4062 556 4099 2.
591 4054 650 4097 et
670 4047 872 4102 Lovel.
895 4072 944 4106 1.
968 4067 1222 4122 supera·
1291 4071 1433 4108 men
1470 4051 1764 4108 audenda
1803 4050 2346 4122 dissuadendaque

164 4113 369 4166 verint
398 4110 573 4165 etiam
601 4110 796 4171 fuerat
826 4117 887 4170 in
905 4120 1080 4172 Voss.
1107 4140 1156 4173 1.
1190 4138 1222 4173 a

163 4197 242 4232 m.
271 4199 321 4233 ι.
362 4183 443 4237 V.
458 4178 615 4234 infra
633 4182 708 4238 ad
729 4203 816 4255 υ,
838 4188 919 4254 13,
935 4188 989 4245 3.
1023 4206 1228 4261 spera-

1292 4119 1434 4194 lege
1467 4123 1669 4175 Lovel.
1703 4140 1754 4175 2.
1788 4147 1853 4182 ac
1882 4129 1934 4191 4.
1975 4121 2257 4176 Similiter
2289 4132 2347 4175 et

1299 4187 1465 4246 Leid.
1485 4214 1533 4248 1.
1561 4192 1673 4249 nisi
1693 4197 1850 4271 quod
1878 4197 2127 4268 insuper
2142 4210 2346 4248 vocem
