2700 4659
291 251 478 332 ,58

1220 249 1311 319 Τ.
1361 250 1700 322 L1V11

2360 321 2377 362 l

313 461 332 476 '
375 466 756 558 indignum
803 466 1025 534 videri
1061 472 1342 554 potest,
1369 460 1631 558 -inquit
1651 513 1676 550 ,
1741 484 1862 532 eos
1891 468 2120 550 viros,
2194 484 2372 551 quos
2417 482 2523 531 vos

377 596 574 662 sellis
622 595 1040 679 curulibus,
1091 598 1264 681 toga
1296 598 1678 676 praetexta
1708 638 1732 674 ‚
1785 593 2032 657 tunica
2061 593 2422 677 palmata,
2465 600 2526 661 et

376 723 779 810 toga'picta
801 767 826 804 ,
903 726 972 785 et
1018 736 1286 784 corona
1331 715 1757 801 triumphali
1806 717 2199 804 laureaque
2240 716 2525 784 honora-

376 847 540 913 ritis
556 893 582 931 ,
637 866 949 933 quorum
994 841 1253 910 domos
1288 843 1534 926 spoliis
1568 841 1889 908 hostium
1922 839 2197 921 adfixis
2240 846 2525 933 insignes

376 1081 510 1122 nem
559 1063 750 1128 einis,
788 1079 937 1134 (suae
958 1071 1145 1116 erant.
1194 1060 1335 1114 Tale
1356 1060 1433 1113 est

378 1152 497 1208 apu
575 1132 857 1187 Senecam
905 1129 964 1182 in
1002 1126 1332 1183 Troadibus
1368 1147 1427 1182 ν.

377 1209 501 1261 205.
522 1199 817 1276 quicquid
838 1196 1073 1272 adjecit
1085 1215 1297 1253 morae
1309 1196 1429 1252 illo

377 1278 639 1328 remoto.
690 1268 792 1320 ubi
824 1265 1063 1319 mirifice
1093 1265 1426 1319 turbarunt.

380 1341 520 1395 Tale
546 1337 655 1391 ln.
683 1335 850 1389 initio
884 1340 969 1394 [c.
989 1357 1035 1399 1,
1058 1341 1134 1395 2.]
1158 1352 1310 1408 quas
1324 1354 1428 1389 no-

380 1428 487 1464 νας
505 1409 528 1461 i
571 1408 627 1461 si
642 1403 817 1460 sedes
836 1403 912 1458 ab
932 1422 997 1459 se
1017 1412 1244 1459 auctae
1269 1402 1429 1458 mul-

377 1480 502 1532 titu
549 1476 672 1530 inis
701 1470 1103 1528 addiderunt.
1142 1488 1226 1535 π,
1251 1475 1336 1536 ⁶1,
1370 1472 1424 1526 3.

379 1548 704 1614 Novasque
764 1559 950 1611 super
1012 1549 1278 1596 veterem
1331 1539 1427 1594 lu-

378 1621 568 1684 «τίιιηιἱ
588 1617 681 1667 tot
699 1606 958 1681 jactura
993 1609 1226 1664 civium
1257 1605 1428 1680 adje-

378 1687 518 1736 ctus
554 1686 731 1735 esset.
789 1677 1020 1731 Tacitus
1046 1696 1127 1731 ιι.
1165 1674 1316 1731 Ann.
1342 1678 1426 1739 14.

382 1747 685 1804 Claudius
703 1754 827 1802 tres
846 1745 1066 1802 literas
1085 1742 1425 1817 adjecit.V.

379 1815 455 1871 ad
478 1816 721 1894 Quintil.
757 1812 1016 1868 Declam.
1054 1815 1177 1869 338.
1223 1812 1276 1865 J.
1308 1812 1426 1866 FR.

379 1885 484 1940 GR
495 1887 588 1940 wN
592 1902 717 1940 .eos
735 1886 896 1939 viros
909 1899 1109 1936 ornnes
1129 1879 1240 1933 mei
1258 1898 1426 1951 prae·

378 1962 473 2008 ter
490 1970 669 2008 unum
689 1950 907 2018 Harlej.
929 1951 1018 2007 eis
1037 1951 1184 2005 viris
1197 1947 1425 2019 praefe-

378 2035 635 2088 rentem,
672 2020 762 2073 cui
784 2018 1154 2072 consentiunt
1174 2020 1310 2070 Exc.
1334 2016 1425 2069 Pi.

377 2091 558 2145 thoei.
584 2092 730 2144 Tum
749 2088 1027 2160 insignia
1049 2084 1255 2142 dicere
1269 2085 1426 2139 Voss.

378 2160 554 2213 ambo
574 2197 591 2224 ‚
623 2156 785 2212 Leid.
812 2157 1015 2221 ambo,
1062 2155 1346 2209 Lovel.&
1370 2157 1425 2220 4.

377 2230 764 2300 Fragm.HaV.
780 2226 918 2277 Exe.
931 2222 1181 2290 Pithoei‚
1196 2233 1256 2277 et
1272 2220 1430 2292 apud

379 2296 700 2351 Hearnium
715 2295 903 2349 Oxon.
924 2294 1071 2347 C.L.
1094 2310 1145 2346 α.
1188 2301 1246 2346 et
1272 2294 1342 2345 N.
1365 2290 1427 2342 in

380 2363 665 2436 margine.
694 2364 975 2435 insignia
1001 2360 1114 2417 dfe
1143 2360 1347 2414 Lovel.
1379 2380 1426 2414 ι.

309 2433 318 2440 ’
378 2433 657 2504 insignia
693 2430 916 2486 ducere
949 2428 1150 2484 Lovel.
1184 2446 1237 2486 α.
1282 2430 1426 2481 Por·

378 2512 445 2554 tu
486 2542 501 2557 .
518 2502 760 2555 Gaertn.
781 2509 839 2553 et
859 2498 1114 2553 Haverk.
1146 2497 1430 2571 insignia

381 2588 420 2626 a
460 2571 656 2644 jicere
675 2607 693 2634 ‚
742 2567 902 2640 quod
950 2569 1216 2622 GronoV.
1268 2575 1429 2618 recte

378 2637 717 2702 vindicavit,
743 2636 920 2690 etiam
938 2635 1101 2689 fuiffe
1119 2634 1356 2689 videtur
1369 2633 1428 2685 in

379 2707 602 2776 Harlej.
643 2723 746 2760 eos
782 2706 946 2760 viros
981 2715 1094 2758 etc.
1149 2704 1432 2775 insignia

378 2773 658 2848 adjicere
689 2772 749 2825 in
779 2771 1021 2826 Hearnii
1052 2772 1239 2826 Oxon.
1271 2775 1341 2826 N.
1375 2779 1434 2822 et

377 2846 447 2897 B.
476 2853 540 2895 ut
558 2853 617 2906 et
635 2841 838 2894 fflock.
888 2840 1081 2911 Supra
1093 2845 1144 2905 4,
1162 2842 1249 2906 52,
1272 2860 1329 2910 7.
1362 2840 1434 2893 In

378 2912 735 2984 legationes
752 2929 876 2965 non
892 2908 1036 2979 plus
1055 2908 1329 2982 singulis
1341 2925 1432 2961 se-

377 2980 706 3036 natoribus
755 2978 1167 3039 inveniente5‚
1228 2975 1436 3057 coacti

377 3057 524 3105 sunt
542 3048 718 3104 binos
748 3048 983 3121 equites
1001 3044 1304 3119 adjicet-ec
1327 3043 1433 3096 ubi

379 3138 436 3171 v.
462 3134 609 3188 quae
629 3126 927 3170 notantur.
959 3117 1013 3179 6,
1034 3117 1088 3180 6,
1106 3134 1160 3183 q.
1195 3116 1266 3171 Si
1325 3111 1436 3167 aid

377 3186 619 3242 laboris
680 3185 1168 3260 vigiliarumque
1235 3203 1275 3238 a
1320 3178 1438 3252 J'ici

419 3255 595 3309 ossit.
633 3253 738 3306 ubi
767 3254 943 3307 etiam
1055 3252 1259 3307 aedem
1289 3252 1430 3307 dixi.

375 3273 582 3377 ssaullo
610 3330 744 3375 ante
771 3322 976 3397 aliqui
1068 3339 1181 3395 pro
1201 3323 1429 3398 inquit,

375 3392 623 3447 Gaertn.

454 3529 690 3584 Tunica
709 3525 1033 3600 palmata,
1070 3535 1133 3584 et
1163 3535 1313 3600 toga
1343 3530 1438 3602 pi-

377 3605 508 3665 cta,
542 3605 606 3653 et
635 3614 862 3652 corona
894 3596 1269 3669 triumphali
1297 3595 1436 3652 l‘an-

377 3684 607 3741 reaqne
626 3663 1112 3725 honoraveritis]
1150 3666 1311 3723 Rott.
1330 3665 1437 3721 ho—

379 3736 642 3802 noratis,
705 3733 1027 3789 Vossianus
1063 3734 1212 3789 alter
1246 3737 1434 3792 hono-

378 3804 837 3869 rantis‚'rhuan.
854 3801 1257 3874 honorariti53
1273 3802 1435 3877 quod

380 3889 586 3925 verum
616 3890 850 3927 consec.
890 3873 1072 3926 Immo
1105 3873 1185 3926 sic
1216 3885 1276 3928 et
1301 3874 1432 3927 Flo-

379 3950 533 3993 rent.
554 3950 613 3992 et
642 3940 716 3993 ab
745 3938 984 3996 Andrea
1004 3958 1205 3997 omnes
1226 3942 1432 3996 editio·

381 4025 485 4060 nes
573 4025 605 4059 r
644 4018 770 4061 eter
820 4011 1157 4079 postrema&
1221 4012 1275 4065 J.
1314 4012 1432 4063 FB.

380 4024 610 4130 GROYV.
663 4074 1136 4154 honoraveritis,
1177 4079 1338 4153 quod
1366 4097 1435 4134 ex

383 4142 554 4201 codd.
578 4159 726 4198 meis
742 4156 976 4201 servant
987 4150 1160 4204 Voss.
1183 4169 1232 4205 1.
1267 4148 1434 4208 Laid.

1499 1078 1551 1115 ι.
1565 1060 1767 1114 Lovel.
1790 1078 1810 1112 ι
1823 1099 1837 1114 .
1855 1078 1906 1114 2.
1920 1061 2165 1115 Gaertn.
2180 1062 2526 1131 Harlej.Por·

1497 1138 1620 1201 tug.
1643 1129 1898 1183 Haverk.
1920 1138 1979 1182 et
2004 1132 2236 1201 Fragm.
2261 1133 2526 1185 Hawam.

1500 1217 1552 1253 2.
1608 1197 1862 1269 primum
1918 1196 2188 1269 adparuit
2236 1198 2298 1253 in
2347 1199 2531 1253 ultima

1499 1267 1762 1320 Gruteri.
1799 1264 2166 1323 honorantis
2197 1267 2370 1322 etiam
2395 1268 2463 1322 est
2479 1266 2530 1320 in

1496 1336 1698 1389 Lovel.
1719 1337 1773 1392 3.
1797 1332 2121 1390 honoratis
2135 1336 2193 1388 in
2215 1340 2527 1421 Fragment.

1497 1407 1646 1458 Hav.
1679 1422 1711 1457 a
1736 1422 1813 1457 m.
1847 1421 1892 1455 ι.
1918 1402 2306 1461 honorat-itis
2335 1426 2395 1461 ιη
2411 1403 2529 1457 reli·

1496 1475 1624 1555 quis
1661 1470 1924 1543 scriptis;
2022 1490 2156 1526 uam
2199 1474 2429 1555 quidem
2459 1473 2527 1525 le·

1497 1553 1750 1596 ctionem
1785 1550 1944 1594 recte
2034 1559 2350 1597 ronovium
2380 1559 2529 1596 revo-

1497 1613 1612 1665 cafl‘
1609 1628 1641 1663 e
1672 1620 1816 1682 puto
1840 1608 1918 1663 eb
1943 1611 2352 1667 auctoritatem
2375 1608 2527 1665 codd.

1498 1678 1904 1750 integerrimae
1918 1689 2090 1733 notae
2108 1700 2122 1733 ε
2139 1697 2210 1734 ea
2223 1689 2412 1735 tamen
2425 1695 2530 1732 non

1498 1746 1701 1804 exstitit
1738 1747 1796 1800 in
1833 1747 2102 1801 omnibus
2143 1758 2281 1802 ante
2312 1743 2530 1805 Gruteri

1496 1819 1812 1889 postumam
1843 1813 2205 1870 editionibus
2226 1856 2243 1883 ‚
2280 1830 2346 1873 ut
2373 1812 2530 1872 existi·

1498 1885 1694 1939 mavit.
1736 1885 1957 1937 Eri-ore
1988 1885 2144 1938 enim
2169 1885 2529 1941 librariorum

1497 1954 1693 2007 datum
1714 1953 1788 2005 est
1805 1951 2207 2009 honoraretis
2227 1956 2288 2009 in
2307 1947 2525 2010 Mediol.

1498 2022 1632 2075 anni
1659 2021 1810 2086 1480.
1839 2021 2000 2090 quod
2013 2022 2187 2076 etiam
2203 2026 2531 2095 receperunt

1499 2090 1862 2145 TarviS.utra
1903 2108 1999 2156 ue,
2034 2091 2250 2146 multae
2270 2096 2526 2151 Venetae,

1538 2161 1815 2229 lut-esque
1854 2158 2022 2212 aiae.
2084 2160 2529 2216 Mediolanenses

1496 2179 1709 2282 deinde
1741 2244 1894 2281 anno
1933 2229 2086 2285 1505.
2112 2240 2185 2283 et
2215 2227 2349 2282 hinc
2377 2223 2529 2280 Aldus

1496 2296 1882 2352 honor-<tritis
1916 2297 2315 2352 restituerunt.
2386 2295 2528 2349 Cete-

1496 2383 1627 2418 rum
1640 2364 1896 2437 quinque
1911 2366 2144 2437 priores
2156 2383 2336 2421 voces
2349 2361 2528 2417 desunt

1498 2432 1559 2487 in
1584 2435 1829 2487 Gaertn.
1856 2433 2025 2505 lapsu
2041 2433 2298 2490 librarii.
2339 2432 2526 2502 Super·

1499 2512 1631 2556 sunt
1651 2501 1806 2554 enim
1826 2501 1885 2554 in
1903 2502 2148 2575 reliquis
2170 2500 2456 2566 omnihus,
2482 2505 2530 2550 et

1501 2570 1851 2625 constituunt
1915 2582 2145 2643 partem
2224 2570 2528 2641 insignium,

1501 2639 1710 2714 quibus
1767 2651 2052 2693 ornantur
2101 2642 2285 2695 trium
2328 2642 2527 2699 hante&

1501 2706 1990 2780 quemadmodum
2040 2726 2262 2780 praece
2307 2707 2451 2763 entia
2482 2720 2528 2756 e·

1500 2788 1637 2831 rant
1679 2776 1926 2847 insignia
1958 2777 2404 2849 magistratuum.
2454 2774 2528 2826 De

1499 2846 1698 2899 tunica
1730 2849 1984 2917 palmata
2033 2857 2091 2899 et
2130 2856 2270 2920 toga
2304 2846 2450 2918 picta
2477 2859 2526 2893 v·

1503 2914 1744 2969 Salmas.
1806 2915 1881 2969 ad
1930 2914 2174 2986 Vopisci
2225 2914 2417 2972 Carin.
2452 2926 2526 2966 20·

1500 2984 1639 3106 {on
1661 2986 1826 3104 {nter
1842 2983 2025 3051 alios,
2050 3001 2164 3055 pro
2183 2985 2349 3041 inter
2364 2980 2525 3042 alias,

1549 3070 1658 3110 ove
1687 3090 1703 3106 .
1724 3072 1776 3108 2.

1569 3185 1618 3256 §-
1656 3206 1740 3244 ιο.
1811 3189 1973 3245 Iovis
2020 3190 2247 3262 optimi
2290 3179 2528 3243 maximi

1505 3266 1736 3313 ornatu
1762 3255 2129 3319 decoratus]
2169 3259 2330 3314 Iovis
2351 3250 2526 3309 maxi-

1502 3328 1593 3382 mi
1624 3327 1847 3395 optimi
1868 3328 2110 3397 Portug.
2135 3326 2299 3383 Iovis
2334 3316 2527 3398 optimi

1476 3436 1480 3439 <
1503 3396 1890 3474 maximique
1904 3394 2100 3464 Harlej
2109 3434 2123 3449 .
2140 3405 2199 3449 at
2210 3413 2321 3448 vox
2334 3390 2525 3461 optimi

1502 3462 1699 3516 deficit
1723 3482 1783 3515 m
1810 3464 2010 3517 Lovel.
2031 3482 2082 3518 α.
2123 3463 2335 3527 Miror,
2361 3461 2416 3512 in
2442 3472 2523 3507 no·

1503 3530 1739 3586 tissimis
1763 3531 1868 3585 ¹his
1905 3532 2065 3587 Jovis
2108 3524 2523 3605 cognominibus

1504 3618 1707 3655 errare
1754 3601 2000 3671 potuiil'e
2037 3599 2347 3666 librari05‚
2399 3605 2547 3666 quae*
2648 3615 2649 3622 ’

1504 3668 1727 3724 centies
1751 3670 2086 3742 centiesque
2119 3669 2179 3721 in
2210 3664 2429 3739 scriptis
2444 3676 2522 3712 ve·

1505 3748 1697 3792 terum
1730 3737 1905 3792 obvia
1933 3749 2086 3793 sunt.
2121 3740 2424 3791 Praeterea
2442 3726 2523 3784 de·

1503 3808 1666 3863 coris
1694 3807 1895 3861 Lovel.
1917 3813 1971 3873 4.
2012 3806 2130 3861 ‘An
2162 3805 2346 3860 voluit
2371 3799 2521 3854 libra·

1504 3876 1626 3930 rius
1664 3873 1923 3932 decorus
1951 3879 1979 3934 ζ’
2040 3874 2156 3930 Sed
2180 3870 2382 3945 reliqui
2404 3868 2522 3920 stant

1502 3962 1616 4068 gro
1635 3944 1894 4015 vulgato.
1934 3943 2096 3998 Infra
2111 3947 2196 4012 37,
2217 3945 2301 4009 31,
2317 3945 2365 3996 6.
2385 3933 2522 4015 Rhg·

1549 4014 1679 4078 ias,
1773 4020 1908 4068 arte
1938 4011 2212 4087 praeclue
2247 4019 2307 4066 et
2336 4002 2523 4070 ,molus

1504 4082 1722 4137 navali
1772 4102 1841 4138 us
1888 4080 2245 4145 decorata5‚
2301 4076 2519 4134 domum

1503 4149 1713 4207 redire
1714 4149 1924 4226 jubet.
1958 4153 2103 4208 Mox
2124 4165 2295 4204 voces
2316 4162 2416 4223 per
2436 4155 2515 4193 m·-
